% This file was created with JabRef 2.10.
% Encoding: Cp1250


@Misc{misc:fat,
  Title                    = {{FatFs - FAT file system module R0.10c }},

  Author                   = {{ChaN}},
  HowPublished             = {\url{http://elm-chan.org/fsw/ff/00index_e.html}},
  Year                     = {2014}
}

@Manual{manual:xbee,
  Title                    = {{XBee®/XBee-PRO® ZB SMT RF Modules Datasheet}},
  Author                   = {{Digi International}},
  Month                    = {August},
  Year                     = {2010}
}

@Article{article:can,
  Title                    = {{Magistrala CAN}},
  Author                   = {{Elektor Electronics}},
  Journal                  = {ELEKTRONIKA PRAKTYCZNA},
  Year                     = {2000}
}

@Misc{misc:formula,
  Author                   = {{Formula Student}},
  HowPublished             = {\url{http://events.imeche.org/formula-student/about-us}}
}

@Article{article:interfejsy,
  Title                    = {{Interfejsy komunikacyjne w STM32F4}},
  Author                   = {Andrzej Gawryluk},
  Journal                  = {ELEKTRONIKA PRAKTYCZNA},
  Year                     = {2012},
  Number                   = {7}
}

@Article{article:pamieci,
  Title                    = {{Zewnêtrzne pamiêci statyczne i mikrokontrolery STM32}},
  Author                   = {Andrzej Gawryluk},
  Journal                  = {ELEKTRONIKA PRAKTYCZNA},
  Year                     = {2008},
  Number                   = {9}
}

@Book{book:SE,
  Title                    = {Sztuka Elektroniki},
  Author                   = {Paul Horowitz},
  Publisher                = {Wydawnictwa Komunikacji i £¹cznoœci WK£},
  Year                     = {2001},

  Owner                    = {CrazyBaran},
  Timestamp                = {2015.01.15}
}

@Manual{manual:power,
  Title                    = {{ISL85415 Datasheet}},

  Address                  = {LLC},
  Author                   = {{Intersil Americas}},
  Year                     = {2013}
}

@Misc{misc:canbus,
  Author                   = {{Magistrala CAN - Warstwa aplikacyjna}},
  HowPublished             = {\url{http://canbus.pl/index.php?id=5}}
}

@Article{article:siecican,
  Title                    = {{Sieci CAN}},
  Author                   = {Pawe³ Moll},
  Journal                  = {ELEKTRONIKA PRAKTYCZNA},
  Year                     = {2005}
}

@Book{book:paprocki,
  Title                    = {{Mikrokontrolery STM32 w praktyce}},
  Author                   = {Krzysztof Paprocki},
  Publisher                = {Wydawnictwo BTC},
  Year                     = {2011},

  Address                  = {Legionowo}
}

@Manual{manual:ecu,
  Title                    = {{AN400 Rev B– Application Note CAN Bus Protocol for PE3 Series ECUs}},
  Author                   = {{Performance ELEKTRONICS}},
  Month                    = {November},
  Year                     = {2011}
}

@Misc{misc:motorsport,
  Author                   = {{PUT Motorsport}},
  HowPublished             = {\url{http://motorsport.put.poznan.pl}}
}

@Manual{manual:sandisk,
  Title                    = {{Secure Digital Card Product Manual - Revision 1.7}},
  Author                   = {SanDisk},
  Month                    = {September},
  Year                     = {2003}
}

@Manual{spec:sdio,
  Title                    = {{SD Specifications Part E1 - SDIO Simplified Specification}},
  Author                   = {{SD Card Association}},
  Edition                  = {2.00},
  Month                    = {February},
  Year                     = {2007}
}

@Manual{spec:sd,
  Title                    = {{SD Specifications Part 1: Physical Layer Simplified Specification}},
  Author                   = {{SD Card Association}},
  Edition                  = {2.00},
  Month                    = {September},
  Organization             = {{SD Group}},
  Year                     = {2006}
}

@Article{article:discovery,
  Title                    = {{Tanio, taniej, STM32F4Discovery… Cortex-M4 w pe³nej okaza³oœci}},
  Author                   = {Tomasz Starak},
  Journal                  = {ELEKTRONIKA PRAKTYCZNA},
  Year                     = {2011},

  Month                    = {Listopad}
}

@Manual{manual:stm32f4,
  Title                    = {{RM0090 Reference manual}},
  Author                   = {STMicroelectronics},
  Month                    = {February},
  Year                     = {2013}
}

@Manual{manual:stm32f4d,
  Title                    = {{STM32F405xx STM32F407xx Datasheet}},
  Author                   = {STMicroelectronics},
  Month                    = {June},
  Year                     = {2013}
}

@Manual{manual:discovery,
  Title                    = {{UM1472 User Manual}},
  Author                   = {STMicroelectronics},
  Month                    = {January},
  Year                     = {2012}
}

@Manual{manual:can,
  Title                    = {{L9616 HIGH SPEED CAN BUS TRANSCEIVER Datasheet}},
  Author                   = {STMicroelectronics},
  Month                    = {November},
  Year                     = {2000}
}

@Manual{manual:iso,
  Title                    = {{ISO7220A, ISO7220B, ISO7220C, ISO7220M, ISO7221A, ISO7221B, ISO7221C, ISO7221M Datasheet}},
  Author                   = {{Texas Instruments Incorporated}},
  Year                     = {2006}
}

@Misc{lib:sd,
  Title                    = {{Library 21 - Read SD card with FatFs on STM32F4}},

  Author                   = {Majerle Tilen},
  HowPublished             = {{\url{http://stm32f4-discovery.com/2014/07/library-21-read-sd-card-fatfs-stm32f4xx-devices/}}},
  Month                    = {July},
  Year                     = {2014}
}

